<?xml version="1.0" encoding="UTF-8"?><collection xmlns="http://www.loc.gov/MARC21/slim"><record><leader>00659nam--2200193-u-4500</leader><controlfield tag="001">000054452</controlfield><controlfield tag="002">20161230</controlfield><controlfield tag="005">20161230201051</controlfield><controlfield tag="008">111213s1000------------r-----000-0-rum-d</controlfield><datafield ind1=" " ind2=" " tag="040"><subfield code="a">IFIN-HH</subfield></datafield><datafield ind1=" " ind2=" " tag="041"><subfield code="a">rum</subfield></datafield><datafield ind1=" " ind2=" " tag="080"><subfield code="a">621.375.9</subfield></datafield><datafield ind1="1" ind2=" " tag="100"><subfield code="a">Dorcioman, Corina Gabriela</subfield></datafield><datafield ind1="1" ind2="0" tag="245"><subfield code="a">Sinteza de straturi subtiri prin tehnologii lase pulsate: acoperiri foarte dure (zrc) si nanostructuri (oxizi metalici si polimeri)</subfield><subfield code="b">Teza</subfield><subfield code="c">Corina gabriela dorcioman</subfield></datafield><datafield ind1=" " ind2=" " tag="260"><subfield code="a">Bucuresti</subfield><subfield code="b">Facultatea De Fizica</subfield><subfield code="c">2011</subfield></datafield><datafield ind1=" " ind2=" " tag="300"><subfield code="a">/PAG.DIF.</subfield></datafield><datafield ind1=" " ind2=" " tag="502"><subfield code="a">Conducator Stiintific, Prof.Dr. Ion N. Mihalescu</subfield></datafield><datafield ind1=" " ind2=" " tag="852"><subfield code="a">82324</subfield><subfield code="c">621.375.9</subfield></datafield><datafield ind1=" " ind2=" " tag="CAT"><subfield code="a">Sys</subfield><subfield code="c">20120531</subfield><subfield code="h">104606</subfield></datafield></record></collection>